<?xml version="1.0" encoding="UTF-8"?><collection xmlns="http://www.loc.gov/MARC21/slim"><record><leader>00488nam--2200169-i-4500</leader><controlfield tag="001">000030225</controlfield><controlfield tag="002">20161230</controlfield><controlfield tag="005">20161230201038</controlfield><controlfield tag="008">060222s1000------------r-----000-0-eng-d</controlfield><datafield ind1=" " ind2=" " tag="080"><subfield code="a">513.83</subfield></datafield><datafield ind1=" " ind2=" " tag="100"><subfield code="a">Lundell, Albert T.And Weingram, Stephen</subfield></datafield><datafield ind1=" " ind2=" " tag="245"><subfield code="a">The topology of cw complexes</subfield></datafield><datafield ind1=" " ind2=" " tag="260"><subfield code="a">New York, Van Nostrand Reinhold Co., 1969</subfield></datafield><datafield ind1=" " ind2=" " tag="300"><subfield code="a">VIII + 216 p</subfield></datafield><datafield ind1=" " ind2=" " tag="490"><subfield code="a">The University Series In Higher Mathematics</subfield></datafield><datafield ind1=" " ind2=" " tag="852"><subfield code="a">33112</subfield><subfield code="c">513.83</subfield></datafield><datafield ind1=" " ind2=" " tag="CAT"><subfield code="a">Sys</subfield><subfield code="c">20080606</subfield><subfield code="h">103100</subfield></datafield></record></collection>